% Bibliografía

% Este fichero contiene la bibliografía de la memoria
% Está en un formato que se conoce como BibTex.
% Hay muchos sitios web que exportan referencias en formato BibTeX. 
% Prueba a buscar en http://scholar.google.com por referencias
% y verás que lo puedes hacer de manera sencilla.
% Más información: 
% http://texblog.org/2014/04/22/using-google-scholar-to-download-bibtex-citations/

% Existen varias posibilidades para referenciar diferentes tipos de documentos,
% ya que los datos necesarios varían. Así, existen formatos de entrada para
%     * libros (book)
%     * artículos en revistas de investigación (article)
%     * capítulos de libro (incollection)
%     * informes técnicos (techreport)
%     * otros (misc)
%
% Las páginas web deberían ir como misc.

% Una última cosa: no referencias nunca la WikiPedia
% La WikiPedia, como buena enciclopedia, no es fuente primaria.
% Si acaso, busca por citas en la WikiPedia (que sí ha de referenciar fuentes
% primarias) y haz referencia a las mismas.

@Online{oracle:_python,
  author = {Developer Resource Center},
  title = {¿Qué es Python?},
  organization = {Oracle},
  year = {2022},
  url = {https://developer.oracle.com/es/learn/technical-articles/what-is-python}
}

@Online{debian:_releases,
	author = {Debian},
	title = {Versiones de Debian},
	organization = {Debian},
	year = {2023},
	url = {https://www.debian.org/releases/}
}

@Online{debian:_releases_archive,
	author = {Debian},
	title = {Versiones de Debian Archivadas},
	organization = {Debian},
	year = {2023},
	url = {https://archive.debian.org/debian-archive/debian/dists/}
}

@Online{statista:_tecnología,
 author = {
Guadalupe Moreno},
 title = {Los lenguajes de programación más usados del mundo},
organization = STATISTA,
 year = {2019},
url = {https://developer.oracle.com/es/learn/technical-articles/what-is-python}
}

@Online{mysql:_connectors,
 author = {
My SQL},
 title = {Chapter 1 Introduction to MySQL Connector/Python},
organization = Oracle,
 year = {2024},
url = {https://dev.mysql.com/doc/connector-python/en/connector-python-introduction.html}
}

@Online{python:_matplotlib,
 author = {
Datascientest},
 title = {Matplotlib: todo lo que tienes que saber sobre la librería Python de Dataviz},
organization = datascientest,
 year = {2022},
url = {https://datascientest.com/es/todo-sobre-matplotlib}
}

@Online{mysql:_workbench,
 author = {
Gonzalo Castillo},
 title = {MySQL Workbench: Qué es, descarga, instalación y uso},
organization = innovaciondigital360,
 year = {2023},
url = {https://www.innovaciondigital360.com/big-data/guia-completa-de-mysql-workbench-descarga-instalacion-y-uso/}
}

@Online{python:_pycharm,
 author = {
Datascientest},
 title = {PyCharm : Todo sobre el IDE de Python más popular},
organization = datascientest,
 year = {2022},
url = {https://datascientest.com/es/pycharm}
}

@Online{lucidchart:_diagramaERD,
	author = {
	Lucidchart},
	title = {¿Qué es un modelo entidad relación?},
	organization = Lucidchart,
	year = {2022},
	url = {https://www.lucidchart.com/pages/es/que-es-un-diagrama-entidad-relacion}
}

@Online{thedataschool:_foreingkey,
	author = {
	TheDataSchool},
	title = {Qué es una FOREIGN KEY en SQL y para qué se utiliza},
	organization = TheDataSchool,
	year = {2022},
	url = {https://thedataschools.com/sql/foreign-key/}
}

@Online{thedataschool:_primarykey,
	author = {
	TheDataSchool},
	title = {SQL PRIMARY KEY: Qué es y cómo utilizarla},
	organization = TheDataSchool,
	year = {2022},
	url = {https://thedataschools.com/sql/primary-key/}
}

@InCollection{GBarahona04:_debian,
   author =       {González-Barahona, Jesús M. and Robles, Gregorio and
                   Ortuño Pérez, Miguel and Rodero-Merino, Luis and
                   Centeno González, José and Matellan-Olivera, Vicente and
                   Castro-Barbero, Eva and de-las-Heras-Quirós, Pedro},
   title =        {Analyzing the anatomy of {GNU/L}inux distributions:
                   methodology and case studies ({R}ed {H}at and {D}ebian)},
   pages =        {27-58},
   editor =       {Koch, Stefan},
   booktitle =    {Free/Open Source Software Development},
   publisher =    {Idea Group Publishing},
   address =      {Hershey, Pennsylvania, USA},
   year =         {2004},
}

@TechReport{ghosh02:_developer_survey,
  author = 	 {Rishab Aiyer Ghosh and Ruediger Glott and Bernhard Krieger and Gregorio Robles},
  title = 	 {Survey of Developers (Free/Libre and Open Source Software: Survey and Study)},
  institution =  {International Institute of Infonomics. University of Maastricht},
  year = 	 2002,
  address =	 {The Netherlands},
  month =	 jun,
  note =	 {\\ http://www.infonomics.nl/FLOSS/report}
}

@Misc{wheeler01:_more_than_gigab,
  author =	 {David A. Wheeler},
  title =	 {More Than a Gigabuck: {E}stimating {GNU/L}inux's Size},
  month =	 jun,
  year =	 2001,
  note =	 {\\ http://www.dwheeler.com/sloc/redhat71-v1/redhat71sloc.html}
}

@inproceedings{robles2005self,
  title={Self-organized development in libre software:
         a model based on the stigmergy concept},
  author={Robles, Gregorio and Merelo, Juan Juli\'an 
          and Gonz\'alez-Barahona, Jes\'us M.},
  booktitle={ProSim'05},
  year={2005}
}
